
@article{townsend2013,
  title={GYRE: an open-source stellar oscillation code based on a new Magnus Multiple Shooting scheme},
  author={Townsend, RHD and Teitler, SA},
  journal={Monthly Notices of the Royal Astronomical Society},
  volume={435},
  number={4},
  pages={3406--3418},
  year={2013},
  publisher={Oxford University Press}
}
@book{kippenhahn1990stellar,
  title={Stellar structure and evolution},
  author={Kippenhahn, Rudolf and Weigert, Alfred and Weiss, Achim},
  volume={192},
  year={1990},
  publisher={Springer}
}

@article{townsend2017,
  title={Angular momentum transport by heat-driven g-modes in slowly pulsating B stars},
  author={Townsend, RHD and Goldstein, J and Zweibel, EG},
  journal={Monthly Notices of the Royal Astronomical Society},
  volume={475},
  number={1},
  pages={879--893},
  year={2017},
  publisher={Oxford University Press}
}

@misc{bitgyre,
  author = {Richard Townsend},
  title = {{Gyre}},
  howpublished = "\url{https://bitbucket.org/rhdtownsend/gyre/wiki/Home}",
  year = {2013}, 
  note = "[Online; accessed 13-November-2018]"
}

@inproceedings{christensen1984,
  title={What will asteroseismology teach us},
  author={Christensen-Dalsgaard, J},
  booktitle={Space Research in Stellar Activity and Variability},
  pages={11},
  year={1984}
}

@book{aerts2010,
  title={Asteroseismology},
  author={Aerts, Conny and Christensen-Dalsgaard, J{\o}rgen and Kurtz, Donald W},
  year={2010},
  publisher={Springer Science \& Business Media}
}

@ARTICLE{1919MNRAS..79R.177E,
   author = {{Eddington}, A.~S.},
    title = "{On the pulsations of a gaseous star}",
  journal = {\mnras},
     year = 1919,
    month = jan,
   volume = 79,
    pages = {177-189},
   adsurl = {http://ads.nao.ac.jp/abs/1919MNRAS..79R.177E},
  adsnote = {Provided by the SAO/NASA Astrophysics Data System}
}
@article{dziembowski1990,
  title={On the mechanism of mode selection in Delta Scuti stars},
  author={Dziembowski, W and Kr{\'o}likowska, M},
  journal={Acta Astronomica},
  volume={40},
  pages={19--26},
  year={1990}
}

@article{tassoul1980,
  title={Asymptotic approximations for stellar nonradial pulsations},
  author={Tassoul, Monique},
  journal={The Astrophysical Journal Supplement Series},
  volume={43},
  pages={469--490},
  year={1980}
}

@article{tassoul1990,
  title={Second-order asymptotic approximations for stellar nonradial acoustic modes},
  author={Tassoul, Monique},
  journal={The Astrophysical Journal},
  volume={358},
  pages={313--327},
  year={1990}
}

@article{pamyatnykh2000,
  title={Pulsational instability domain of Delta Scuti variables},
  author={Pamyatnykh, AA},
  journal={arXiv preprint astro-ph/0005276},
  year={2000}
}

@article{christensen2008adipls,
  title={ADIPLSâ€”the Aarhus adiabatic oscillation package},
  author={Christensen-Dalsgaard, J{\o}rgen},
  journal={Astrophysics and Space Science},
  volume={316},
  number={1-4},
  pages={113--120},
  year={2008},
  publisher={Springer}
}
%Petersen diagrams:
@article{petersen1972,
  title={Pulsation of models in the lower part of the cepheid instability strip and properties of AI Velorum and delta Scuti stars.},
  author={Petersen, JO and J{\o}rgensen, HE},
  journal={Astronomy and Astrophysics},
  volume={17},
  pages={367--377},
  year={1972}
}

@article{zahn1991,
  title={Convective penetration in stellar interiors},
  author={Zahn, J-P},
  journal={Astronomy and Astrophysics},
  volume={252},
  pages={179--188},
  year={1991}
}

@article{paxton2010,
  title={Modules for experiments in stellar astrophysics (MESA)},
  author={Paxton, Bill and Bildsten, Lars and Dotter, Aaron and Herwig, Falk and Lesaffre, Pierre and Timmes, Frank},
  journal={The Astrophysical Journal Supplement Series},
  volume={192},
  number={1},
  pages={3},
  year={2010},
  publisher={IOP Publishing}
}

@article{maeder1975stellar,
  title={Stellar evolution. III-The overshooting from convective cores},
  author={Maeder, A},
  journal={Astronomy and Astrophysics},
  volume={40},
  pages={303--310},
  year={1975}
}

@article{herwig2000,
  title={The evolution of AGB stars with convective overshoot},
  author={Herwig, Falk},
  journal={arXiv preprint astro-ph/0007139},
  year={2000}
}
@article{dupret2005time,
  title={Time-dependent convection seismic study of $\delta$ Sct stars},
  author={Dupret, M-A and Grigahcene, A and Garrido, R and De Ridder, Joris and Scuflaire, Richard and Gabriel, Maurice},
  journal={Monthly Notices of the Royal Astronomical Society},
  volume={361},
  number={2},
  pages={476--486},
  year={2005},
  publisher={The Royal Astronomical Society}
}

@article{dupret2004theoretical,
  title={Theoretical instability strips for $\delta$ Scuti and $\gamma$ Doradus stars},
  author={Dupret, M-A and Grigahc{\`e}ne, A and Garrido, R and Gabriel, Maurice and Scuflaire, Richard},
  journal={Astronomy \& Astrophysics},
  volume={414},
  number={2},
  pages={L17--L20},
  year={2004},
  publisher={EDP Sciences}
}

@article{grigahcene2005convection,
  title={Convection-pulsation coupling-I. A mixing-length perturbative theory},
  author={Grigahc{\`e}ne, A and Dupret, M-A and Gabriel, Maurice and Garrido, R and Scuflaire, Richard},
  journal={Astronomy \& Astrophysics},
  volume={434},
  number={3},
  pages={1055--1062},
  year={2005},
  publisher={EDP Sciences}
}

@article{lenz2008asteroseismic,
  title={An asteroseismic study of the $\delta$ Scuti star 44 Tauri},
  author={Lenz, P and Pamyatnykh, AA and Breger, M and Antoci, V},
  journal={Astronomy \& Astrophysics},
  volume={478},
  number={3},
  pages={855--863},
  year={2008},
  publisher={EDP Sciences}
}

@article{lenz2010delta,
  title={A $\delta$ Scuti star in the post-MS contraction phase: 44 Tauri},
  author={Lenz, P and Pamyatnykh, AA and Zdravkov, T and Breger, M},
  journal={Astronomy \& Astrophysics},
  volume={509},
  pages={A90},
  year={2010},
  publisher={EDP Sciences}
}
@article{zima2007high,
  title={High-resolution spectroscopy of the $\delta$ Scuti star 44 Tauri: photospheric element abundances and mode identification},
  author={Zima, Wolfgang and Lehmann, H and St{\"u}tz, Ch and Ilyin, IV and Breger, M},
  journal={Astronomy \& Astrophysics},
  volume={471},
  number={1},
  pages={237--245},
  year={2007},
  publisher={EDP Sciences}
}
@article{antoci2014role,
  title={The role of turbulent pressure as a coherent pulsational driving mechanism: The case of the $\delta$ Scuti star HD 187547},
  author={Antoci, V and Cunha, M and Houdek, G and Kjeldsen, H and Trampedach, R and Handler, G and L{\"u}ftinger, T and Arentoft, T and Murphy, S},
  journal={The Astrophysical Journal},
  volume={796},
  number={2},
  pages={118},
  year={2014},
  publisher={IOP Publishing}
}

@article{solano1997spectroscopic,
  title={Spectroscopic survey of $\delta$ Scuti stars-I. Rotation velocities and effective temperatures},
  author={Solano, E and Fernley, J},
  journal={Astronomy and Astrophysics Supplement Series},
  volume={122},
  number={1},
  pages={131--147},
  year={1997},
  publisher={EDP Sciences}
}

@article{royer2004rotational,
  title={Rotational velocity distributions of A-type stars},
  author={Royer, F and Zorec, J and G{\'o}mez, AE},
  journal={Proceedings of the International Astronomical Union},
  volume={2004},
  number={IAUS224},
  pages={109--114},
  year={2004},
  publisher={Cambridge University Press}
}

@article{antoci200744,
  title={Is 44 Tauri an exceptional case among the $\delta$ Scuti stars?},
  author={Antoci, V and Breger, M and Rodler, F and Bischof, K and Garrido, R},
  journal={Astronomy \& Astrophysics},
  volume={463},
  number={1},
  pages={225--232},
  year={2007},
  publisher={EDP Sciences}
}

@ARTICLE{breger2008A&A,
   author = {{Breger}, M. and {Lenz}, P.},
    title = "{Amplitude variability and multiple frequencies in 44 Tauri: 2000-2006}",
  journal = {\aap},
archivePrefix = "arXiv",
   eprint = {0807.3219},
 keywords = {techniques: photometric, stars: variables: {$\delta$} Sct, stars: oscillations, stars: general},
     year = 2008,
    month = sep,
   volume = 488,
    pages = {643-651},
      doi = {10.1051/0004-6361:200810187},
   adsurl = {http://ads.nao.ac.jp/abs/2008A%26A...488..643B},
  adsnote = {Provided by the SAO/NASA Astrophysics Data System}
}
@article{antoci2011excitation,
  title={The excitation of solar-like oscillations in a $\delta$ Sct star by efficient envelope convection},
  author={Antoci, V and Handler, G and Campante, TL and Thygesen, AO and Moya, A and Kallinger, Thomas and Stello, D and Grigahc{\`e}ne, A and Kjeldsen, Hans and Bedding, TR and others},
  journal={Nature},
  volume={477},
  number={7366},
  pages={570},
  year={2011},
  publisher={Nature Publishing Group}
}
@article{koch2010kepler,
  title={Kepler mission design, realized photometric performance, and early science},
  author={Koch, David G and Borucki, William J and Basri, Gibor and Batalha, Natalie M and Brown, Timothy M and Caldwell, Douglas and Christensen-Dalsgaard, J{\o}rgen and Cochran, William D and DeVore, Edna and Dunham, Edward W and others},
  journal={The Astrophysical Journal Letters},
  volume={713},
  number={2},
  pages={L79},
  year={2010},
  publisher={IOP Publishing}
}
@ARTICLE{houdek1999,
   author = {{Houdek}, G. and {Balmforth}, N.~J. and {Christensen-Dalsgaard}, J. and 
	{Gough}, D.~O.},
    title = "{Amplitudes of stochastically excited oscillations in main-sequence stars}",
  journal = {\aap},
   eprint = {astro-ph/9909107},
 keywords = {CONVECTION, TURBULENCE, STARS: OSCILLATIONS},
     year = 1999,
    month = nov,
   volume = 351,
    pages = {582-596},
   adsurl = {http://adsabs.harvard.edu/abs/1999A%26A...351..582H},
  adsnote = {Provided by the SAO/NASA Astrophysics Data System}
}

@ARTICLE{samadi2002,
   author = {{Samadi}, R. and {Goupil}, M.-J. and {Houdek}, G.},
    title = "{Solar-like oscillations in delta Scuti stars}",
  journal = {\aap},
   eprint = {astro-ph/0208573},
 keywords = {stars: interiors, stars: variables: delta Sct},
     year = 2002,
    month = nov,
   volume = 395,
    pages = {563-571},
      doi = {10.1051/0004-6361:20021322},
   adsurl = {http://adsabs.harvard.edu/abs/2002A%26A...395..563S},
  adsnote = {Provided by the SAO/NASA Astrophysics Data System}
}

@article{preston1974chemically,
  title={The chemically peculiar stars of the upper main sequence},
  author={Preston, George W},
  journal={Annual review of astronomy and astrophysics},
  volume={12},
  number={1},
  pages={257--277},
  year={1974},
  publisher={Annual Reviews 4139 El Camino Way, PO Box 10139, Palo Alto, CA 94303-0139, USA}
}

@ARTICLE{turcotte2000,
   author = {{Turcotte}, S. and {Richer}, J. and {Michaud}, G. and {Christensen-Dalsgaard}, J.
	},
    title = "{The effect of diffusion on pulsations of stars on the upper main sequence --- {$\delta$} Scuti and metallic A stars}",
  journal = {\aap},
   eprint = {astro-ph/0006272},
 keywords = {DIFFUSION, STARS: ABUNDANCES, STARS: EVOLUTION, STARS: VARIABLES: {$\delta$} SCT},
     year = 2000,
    month = aug,
   volume = 360,
    pages = {603-616},
   adsurl = {http://adsabs.harvard.edu/abs/2000A%26A...360..603T},
  adsnote = {Provided by the SAO/NASA Astrophysics Data System}
}

@article{balona2011kepler,
  title={Kepler observations of Am stars},
  author={Balona, LA and Ripepi, V and Catanzaro, G and Kurtz, DW and Smalley, B and De Cat, P and Eyer, L and Grigahc{\`e}ne, A and Leccia, S and Southworth, J and others},
  journal={Monthly Notices of the Royal Astronomical Society},
  volume={414},
  number={1},
  pages={792--800},
  year={2011},
  publisher={Blackwell Publishing Ltd Oxford, UK}
}

@article{smalley2011superwasp,
  title={SuperWASP observations of pulsating Am stars},
  author={Smalley, B and Kurtz, DW and Smith, AMS and Fossati, L and Anderson, DR and Barros, SCC and Butters, OW and Cameron, A Collier and Christian, DJ and Enoch, B and others},
  journal={Astronomy \& Astrophysics},
  volume={535},
  pages={A3},
  year={2011},
  publisher={EDP Sciences}
}

@article{palla2005pulsating,
  title={Pulsating young brown dwarfs},
  author={Palla, Francesco and Baraffe, Isabelle},
  journal={Astronomy \& Astrophysics},
  volume={432},
  number={2},
  pages={L57--L60},
  year={2005},
  publisher={EDP Sciences}
}
@article{cody2014pulsation,
  title={A pulsation search among young brown dwarfs and very-low-mass stars},
  author={Cody, Ann Marie and Hillenbrand, Lynne A},
  journal={The Astrophysical Journal},
  volume={796},
  number={2},
  pages={129},
  year={2014},
  publisher={IOP Publishing}
}
@article{murphy2019gaia,
  title={Gaia-derived luminosities of Kepler A/F stars and the pulsator fraction across the $\delta$ Scuti instability strip},
  author={Murphy, Simon J and Hey, Daniel and Van Reeth, Timothy and Bedding, Timothy R},
  journal={Monthly Notices of the Royal Astronomical Society},
  year={2019}
}

@article{paxton2013modules,
  title={Modules for experiments in stellar astrophysics (MESA): planets, oscillations, rotation, and massive stars},
  author={Paxton, Bill and Cantiello, Matteo and Arras, Phil and Bildsten, Lars and Brown, Edward F and Dotter, Aaron and Mankovich, Christopher and Montgomery, MH and Stello, Dennis and Timmes, FX and others},
  journal={The Astrophysical Journal Supplement Series},
  volume={208},
  number={1},
  pages={4},
  year={2013},
  publisher={IOP Publishing}
}

@article{paxton2015modules,
  title={Modules for experiments in stellar astrophysics (MESA): binaries, pulsations, and explosions},
  author={Paxton, Bill and Marchant, Pablo and Schwab, Josiah and Bauer, Evan B and Bildsten, Lars and Cantiello, Matteo and Dessart, Luc and Farmer, R and Hu, H and Langer, N and others},
  journal={The Astrophysical Journal Supplement Series},
  volume={220},
  number={1},
  pages={15},
  year={2015},
  publisher={IOP Publishing}
}

@article{paxton2018modules,
  title={Modules for Experiments in Stellar Astrophysics (): Convective Boundaries, Element Diffusion, and Massive Star Explosions},
  author={Paxton, Bill and Schwab, Josiah and Bauer, Evan B and Bildsten, Lars and Blinnikov, Sergei and Duffell, Paul and Farmer, R and Goldberg, Jared A and Marchant, Pablo and Sorokina, Elena and others},
  journal={The Astrophysical Journal Supplement Series},
  volume={234},
  number={2},
  pages={34},
  year={2018},
  publisher={IOP Publishing}
}

@article{paxton2019modules,
  title={Modules for Experiments in Stellar Astrophysics (MESA): Pulsating Variable Stars, Rotation, Convective Boundaries, and Energy Conservation},
  author={Paxton, Bill and Smolec, R and Gautschy, A and Bildsten, Lars and Cantiello, Matteo and Dotter, Aaron and Farmer, R and Goldberg, Jared A and Jermyn, Adam S and Kanbur, SM and others},
  journal={arXiv preprint arXiv:1903.01426},
  year={2019}
}

@article{Flower96,
Adsnote = {Provided by the SAO/NASA Astrophysics Data System},
Adsurl = {http://adsabs.harvard.edu/abs/1996ApJ...469..355F},
Author = {{Flower}, P.~J.},
Doi = {10.1086/177785},
Journal = {\apj},
Keywords = {STARS: ATMOSPHERES, STARS: EARLY-TYPE, STARS: FUNDAMENTAL PARAMETERS, STARS: LATE-TYPE, STARS: SUPERGIANTS, STARS: HERTZSPRUNG-RUSSELL DIAGRAM},
Month = sep,
Pages = {355},
Title = {{Transformations from Theoretical Hertzsprung-Russell Diagrams to Color-Magnitude Diagrams: Effective Temperatures, B-V Colors, and Bolometric Corrections}},
Volume = 469,
Year = 1996,
Bdsk-Url-1 = {https://doi.org/10.1086/177785}
}

@article{samadi2002solar,
  title={Solar-like oscillations in $\delta$ Scuti stars},
  author={Samadi, Reza and Goupil, M-J and Houdek, G},
  journal={Astronomy \& Astrophysics},
  volume={395},
  number={2},
  pages={563--571},
  year={2002},
  publisher={EDP Sciences}
}

@book{christensen2008lecture,
  title={Lecture notes on stellar structure and evolution},
  author={Christensen-Dalsgaard, J{\o}rgen},
  year={2008},
  publisher={Aarhus Universitet. Institute for Fysik og Astronomi}
}
@article{weiss2004cox,
  title={Cox and Giuli's Principles of Stellar Structure},
  author={Weiss, Achim and Hillebrandt, Wolfgang and Thomas, H-C and Ritter, Hans},
  journal={Cox and Giuli's Principles of Stellar Structure, by A. Weiss, W. Hillebrandt, HC. Thomas, H. Ritter. Cambridge, UK: Cambridge Scientific Publishers Ltd, 2004.},
  year={2004}
}

@book{wanner1996solving,
  title={Solving ordinary differential equations II},
  author={Wanner, Gerhard and Hairer, Ernst},
  year={1996},
  publisher={Springer Berlin Heidelberg}
}

@article{eggleton1971evolution,
  title={The evolution of low mass stars},
  author={Eggleton, Peter P},
  journal={Monthly Notices of the Royal Astronomical Society},
  volume={151},
  number={3},
  pages={351--364},
  year={1971},
  publisher={Oxford University Press}
}

@article{pols1995approximate,
  title={Approximate input physics for stellar modelling},
  author={Pols, Omno R and Tout, Christopher A and Eggleton, Peter P and Han, Zhanwen},
  journal={Monthly Notices of the Royal Astronomical Society},
  volume={274},
  number={3},
  pages={964--974},
  year={1995},
  publisher={Oxford University Press Oxford, UK}
}
@article{lesaffre2006c,
  title={The C flash and the ignition conditions of Type Ia supernovae},
  author={Lesaffre, Pierre and Han, Z and Tout, CA and Podsiadlowski, Ph and Martin, RG},
  journal={Monthly Notices of the Royal Astronomical Society},
  volume={368},
  number={1},
  pages={187--195},
  year={2006},
  publisher={Blackwell Publishing Ltd Oxford, UK}
}
@article{henyey1959method,
  title={A Method for Automatic Computation of Stellar Evolution.},
  author={Henyey, LG and Wilets, L and B{\"o}hm, KH and LeLevier, Robert and Levee, RD},
  journal={The Astrophysical Journal},
  volume={129},
  pages={628},
  year={1959}
}
@article{herwig2004evolution,
  title={Evolution and yields of extremely metal-poor intermediate-mass stars},
  author={Herwig, Falk},
  journal={The Astrophysical Journal Supplement Series},
  volume={155},
  number={2},
  pages={651},
  year={2004},
  publisher={IOP Publishing}
}
@article{paxton2004ez,
  title={EZ to evolve ZAMS stars: A program derived from Eggletonâ€™s Stellar Evolution Code},
  author={Paxton, Bill},
  journal={Publications of the Astronomical Society of the Pacific},
  volume={116},
  number={821},
  pages={699},
  year={2004},
  publisher={IOP Publishing}
}

@article{weiss2008garstec,
  title={GARSTECâ€”the Garching Stellar Evolution Code},
  author={Weiss, Achim and Schlattl, Helmut},
  journal={Astrophysics and Space Science},
  volume={316},
  number={1-4},
  pages={99--106},
  year={2008},
  publisher={Springer}
}

@article{starrfield2000effects,
  title={The effects of new nuclear reaction rates and opacities on hydrodynamic simulations of the nova outburst},
  author={Starrfield, Sumner and Sparks, WM and Truran, JW and Wiescher, MC},
  journal={The Astrophysical Journal Supplement Series},
  volume={127},
  number={2},
  pages={485},
  year={2000},
  publisher={IOP Publishing}
}

@article{gehmeyr1994adaptive,
  title={Adaptive grid radiation hydrodynamics with TITAN},
  author={Gehmeyr, M and Mihalas, D},
  journal={Physica D: Nonlinear Phenomena},
  volume={77},
  number={1-3},
  pages={320--341},
  year={1994},
  publisher={Elsevier}
}

@article{young2005observational,
  title={Observational tests and predictive stellar evolution. II. Nonstandard models},
  author={Young, Patrick A and Arnett, David},
  journal={The Astrophysical Journal},
  volume={618},
  number={2},
  pages={908},
  year={2005},
  publisher={IOP Publishing}
}

@article{rogers2002updated,
  title={Updated and expanded OPAL equation-of-state tables: implications for helioseismology},
  author={Rogers, FJ and Nayfonov, A},
  journal={The Astrophysical Journal},
  volume={576},
  number={2},
  pages={1064},
  year={2002},
  publisher={IOP Publishing}
}

@article{saumon1995equation,
  title={An equation of state for low-mass stars and giant planets},
  author={Saumon, D and Chabrier, G and Van Horn, HM},
  journal={The Astrophysical Journal Supplement Series},
  volume={99},
  pages={713},
  year={1995}
}

@article{timmes2000accuracy,
  title={The accuracy, consistency, and speed of an electron-positron equation of state based on table interpolation of the Helmholtz free energy},
  author={Timmes, Frank X and Swesty, F Douglas},
  journal={The Astrophysical Journal Supplement Series},
  volume={126},
  number={2},
  pages={501},
  year={2000},
  publisher={IOP Publishing}
}

@article{potekhin2010thermodynamic,
  title={Thermodynamic functions of dense plasmas: analytic approximations for astrophysical applications},
  author={Potekhin, Alexander Y and Chabrier, Gilles},
  journal={Contributions to Plasma Physics},
  volume={50},
  number={1},
  pages={82--87},
  year={2010},
  publisher={Wiley Online Library}
}

@article{cassisi2007updated,
  title={Updated electron-conduction opacities: the impact on low-mass stellar models},
  author={Cassisi, Santi and Potekhin, AY and Pietrinferni, A and Catelan, M and Salaris, M},
  journal={The Astrophysical Journal},
  volume={661},
  number={2},
  pages={1094},
  year={2007},
  publisher={IOP Publishing}
}

@article{ferguson2005low,
  title={Low-temperature opacities},
  author={Ferguson, Jason W and Alexander, David R and Allard, France and Barman, Travis and Bodnarik, Julia G and Hauschildt, Peter H and Heffner-Wong, Amanda and Tamanai, Akemi},
  journal={The Astrophysical Journal},
  volume={623},
  number={1},
  pages={585},
  year={2005},
  publisher={IOP Publishing}
}

@article{iglesias1993radiative,
  title={Radiative opacities for carbon-and oxygen-rich mixtures},
  author={Iglesias, Carlos A and Rogers, Forrest J},
  journal={The Astrophysical Journal},
  volume={412},
  pages={752--760},
  year={1993}
}

@article{iglesias1996updated,
  title={Updated OPAL opacities},
  author={Iglesias, Carlos A and Rogers, Forrest J},
  journal={The Astrophysical Journal},
  volume={464},
  pages={943},
  year={1996}
}

@article{freedman2008line,
  title={Line and mean opacities for ultracool dwarfs and extrasolar planets},
  author={Freedman, Richard S and Marley, Mark S and Lodders, Katharina},
  journal={The Astrophysical Journal Supplement Series},
  volume={174},
  number={2},
  pages={504},
  year={2008},
  publisher={IOP Publishing}
}

@inproceedings{grevesse1993cosmic,
  title={Cosmic abundances of the elements.},
  author={Grevesse, N and Noels, A},
  booktitle={Origin and Evolution of the Elements},
  pages={15--25},
  year={1993}
}

@article{asplund2005new,
  title={New light on stellar abundance analyses: departures from LTE and homogeneity},
  author={Asplund, Martin},
  journal={Annu. Rev. Astron. Astrophys.},
  volume={43},
  pages={481--530},
  year={2005},
  publisher={Annual Reviews}
}

@article{christensen2009opacity,
  title={On the opacity change required to compensate for the revised solar composition},
  author={Christensen-Dalsgaard, J{\o}rgen and Di Mauro, Maria Pia and Houdek, G{\"u}nter and Pijpers, Frank},
  journal={Astronomy \& Astrophysics},
  volume={494},
  number={1},
  pages={205--208},
  year={2009},
  publisher={EDP Sciences}
}

@article{grevesse1998standard,
  title={Standard solar composition},
  author={Grevesse, N and Sauval, AJ},
  journal={Space Science Reviews},
  volume={85},
  number={1-2},
  pages={161--174},
  year={1998},
  publisher={Springer}
}

@article{asplund2009chemical,
  title={The chemical composition of the Sun},
  author={Asplund, Martin and Grevesse, Nicolas and Sauval, A Jacques and Scott, Pat},
  journal={Annual review of astronomy and astrophysics},
  volume={47},
  pages={481--522},
  year={2009},
  publisher={Annual Reviews}
}

@article{walker2003most,
  title={The MOST asteroseismology mission: Ultraprecise photometry from space},
  author={Walker, Gordon and Matthews, Jaymie and Kuschnig, Rainer and Johnson, Ron and Rucinski, Slavek and Pazder, John and Burley, Gregory and Walker, Andrew and Skaret, Kristina and Zee, Robert and others},
  journal={Publications of the Astronomical Society of the Pacific},
  volume={115},
  number={811},
  pages={1023},
  year={2003},
  publisher={IOP Publishing}
}

@article{matthews2007one,
  title={One small satellite, so many light curves: Examples of delta Scuti asteroseismology from the MOST space mission\^{} 1},
  author={Matthews, Jaymie M},
  journal={Communications in Asteroseismology},
  volume={150},
  pages={333},
  year={2007}
}

@article{michel2008first,
  title={First asteroseismic results from CoRoT},
  author={Michel, Eric and Baglin, Annie and Weiss, WW and Auvergne, Michel and Catala, Claude and Aerts, CC and Appourchaux, T and Barban, C and Baudin, Frederic and Briquet, Maryline and others},
  year={2008}
}

@misc{borucki2009transiting,
  title={Transiting Planets (IAU Symp. 253), ed},
  author={Borucki, W and Koch, D and Batalha, N and others},
  year={2009},
  publisher={F. Pont, D. Sasselov, \& M. Holman (Cambridge: Cambridge Univ. Press)}
}

@article{gilliland2010kepler,
  title={Kepler asteroseismology program: introduction and first results},
  author={Gilliland, Ronald L and Brown, Timothy M and Christensen-Dalsgaard, J{\o}rgen and Kjeldsen, Hans and Aerts, Conny and Appourchaux, Thierry and Basu, Sarbani and Bedding, Timothy R and Chaplin, William J and Cunha, Margarida S and others},
  journal={Publications of the Astronomical Society of the Pacific},
  volume={122},
  number={888},
  pages={131},
  year={2010},
  publisher={IOP Publishing}
}

@article{hauck1997vizier,
  title={VizieR Online Data Catalog: uvby-beta Catalogue (Hauck+ 1997)},
  author={Hauck, B and Mermilliod, M},
  journal={VizieR Online Data Catalog},
  volume={2215},
  year={1997}
}

@article{mcnamara1985relations,
  title={RELATIONS BETWEEN (FE/H) AND DELTA-M 1 FOR F AND EARLY-G STARS.},
  author={McNamara, DH and Powell, JM},
  journal={Publications of the Astronomical Society of the Pacific},
  volume={97},
  number={597},
  pages={1101},
  year={1985},
  publisher={IOP Publishing}
}

@article{nendwich2004interpolation,
  title={Interpolation of Stellar Model Grids and Application to the NEMO Grid},
  author={Nendwich, Johannes and Heiter, Ulrike and Kupka, F and Nesvacil, N and Weiss, WW},
  journal={arXiv preprint astro-ph/0406381},
  year={2004}
}
@article{heiter2002new,
  title={New grids of ATLAS9 atmospheres I: Influence of convection treatments on model structure and on observable quantities},
  author={Heiter, U and Kupka, F and Barban, C and Weiss, WW and Goupil, M-J and Schmidt, W and Katz, D and Garrido, R},
  journal={Astronomy \& Astrophysics},
  volume={392},
  number={2},
  pages={619--636},
  year={2002},
  publisher={EDP Sciences}
}

@article{clementini2017gaia,
  title={Gaia Data Release 1-Testing parallaxes with local Cepheids and RR Lyrae stars},
  author={Clementini, Gisella and Eyer, L and Ripepi, V and Marconi, M and Muraveva, T and Garofalo, A and Sarro, LM and Palmer, M and Luri, X and Molinaro, R and others},
  journal={Astronomy \& astrophysics},
  volume={605},
  pages={A79},
  year={2017},
  publisher={EDP sciences}
}

@article{brown2018gaia,
  title={Gaia Data Release 2-Summary of the contents and survey properties},
  author={Brown, AGA and Vallenari, A and Prusti, T and De Bruijne, JHJ and Babusiaux, C and Bailer-Jones, CAL and Biermann, M and Evans, Dafydd Wyn and Eyer, L and Jansen, Femke and others},
  journal={Astronomy \& astrophysics},
  volume={616},
  pages={A1},
  year={2018},
  publisher={EDP sciences}
}

@techreport{hog2000tycho,
  title={The Tycho-2 catalogue of the 2.5 million brightest stars},
  author={Hog, E and Fabricius, Claus and Makarov, Valeri V and Urban, S and Corbin, T and Wycoff, G and Bastian, Ulrich and Schwekendiek, Peter and Wicenec, A},
  year={2000},
  institution={NAVAL OBSERVATORY WASHINGTON DC}
}

@article{nordlund19903,
	title={3-D simulations of solar and stellar convection and magnetoconvection},
	author={Nordlund, {\AA} and Stein, RF},
	journal={Computer Physics Communications},
	volume={59},
	number={1},
	pages={119--125},
	year={1990},
	publisher={Elsevier}
}

@article{iben1967stellar,
	title={Stellar evolution within and off the main sequence},
	author={Iben Jr, Icko},
	journal={Annual Review of Astronomy and Astrophysics},
	volume={5},
	number={1},
	pages={571--626},
	year={1967},
	publisher={Annual Reviews 4139 El Camino Way, PO Box 10139, Palo Alto, CA 94303-0139, USA}
}

@phdthesis{antoci2011solar,
	title={Solar-like oscillations in Delta Scuti stars},
	author={Antoci, Victoria Laura},
	year={2011},
	school={uniwien}
}

@book{oswalt2013planets,
	title={Planets, Stars and Stellar Systems: Volume 4: Stellar Structure and Evolution},
	author={Oswalt, Terry D and Barstow, Martin A},
	year={2013},
	publisher={Springer}
}

@article{trampedach2011mass,
	title={The mass mixing length in convective stellar envelopes},
	author={Trampedach, Regner and Stein, Robert F},
	journal={The Astrophysical Journal},
	volume={731},
	number={2},
	pages={78},
	year={2011},
	publisher={IOP Publishing}
}
@article{dupret2005time,
	title={Time-dependent convection seismic study of five $\gamma$ Doradus stars},
	author={Dupret, M-A and Grigahcene, A and Garrido, R and De Ridder, Joris and Scuflaire, Richard and Gabriel, Maurice},
	journal={Monthly Notices of the Royal Astronomical Society},
	volume={360},
	number={3},
	pages={1143--1152},
	year={2005},
	publisher={Blackwell Science Ltd Oxford, UK}
}

@article{paczynski1969envelopes,
	title={Envelopes of red supergiants},
	author={Paczynski, B},
	journal={Acta Astronomica},
	volume={19},
	pages={1},
	year={1969}
}
@article{andrae2018gaia,
	title={Gaia Data Release 2-First stellar parameters from Apsis},
	author={Andrae, Ren{\'e} and Fouesneau, Morgan and Creevey, Orlagh and Ordenovic, Christophe and Mary, Nicolas and Burlacu, Alexandru and Chaoul, Laurence and Jean-Antoine-Piccolo, Anne and Kordopatis, Georges and Korn, Andreas and others},
	journal={Astronomy \& Astrophysics},
	volume={616},
	pages={A8},
	year={2018},
	publisher={EDP Sciences}
}

@techreport{hog2000tycho,
	title={The Tycho-2 catalogue of the 2.5 million brightest stars},
	author={Hog, E and Fabricius, Claus and Makarov, Valeri V and Urban, S and Corbin, T and Wycoff, G and Bastian, Ulrich and Schwekendiek, Peter and Wicenec, A},
	year={2000},
	institution={NAVAL OBSERVATORY WASHINGTON DC}
}
\\
@article{kjeldsen2011amplitudes,
	title={Amplitudes of solar-like oscillations: a new scaling relation},
	author={Kjeldsen, Hans and Bedding, Timothy R},
	journal={Astronomy \& Astrophysics},
	volume={529},
	pages={L8},
	year={2011},
	publisher={EDP Sciences}
}
\\
@article{andrae2010and,
	title={Dos and don'ts of reduced chi-squared},
	author={Andrae, Rene and Schulze-Hartung, Tim and Melchior, Peter},
	journal={arXiv preprint arXiv:1012.3754},
	year={2010}
}

@phdthesis{lenz2009diss,
	title    = {Pulsation models of selected delta Scuti stars},
	school   = {Universit{\"a}t Wien},
	author   = {Patrick Lenz},
	year     = 2009}, %other attributes omitted
}
\\
@article{gough1996astereoasteroseismology,
	title={Astereoasteroseismology},
	author={Gough, DO},
	journal={The Observatory},
	volume={116},
	pages={313--315},
	year={1996}
}

@article{shibahashi1979modal,
	title={Modal analysis of stellar nonradial oscillations by an asymptotic method},
	author={Shibahashi, Hiromoto},
	journal={Publications of the Astronomical Society of Japan},
	volume={31},
	pages={87--104},
	year={1979}
}